%Todo: mettre une reference pour le nom des fonctions appelées

%convertir texmed en bibtex http://www.bioinformatics.org/texmed/
%guide d'ecriture des bibtex http://www.latex-howto.be/files/LaTeX-HowTo-ch10.pdf

%%%%%%%%%%%%%%%%%%%%%%%%%%%%%%%%%%%%%%%%%%%%%%%%%%%%%%%%%%%%%%%%%%%%%%%%%%%%%%%%% NEW REFERENCES  %%%%%%%%%%%%%%%%%%%%%%%%%%%%%%%%%%%%%%%%%%%%%%%%%%%%%%%%%%%%%%%%%%%%%%%%%%%%%%%%%%%%%%%%%%%%%%%%%%%%%%%%%%%%%%%%%%%

% 1) 
%care.diabetesjournals.org/content/22/12/1956.abstract

%%%%%%%%%%%%%%%%% KW : diet, insulin isuse
% Insulin misuse for girls only (5, and no men)
% Cf a girl in forums: Planned to stop insulin
% Eating disorders were not more prevalent in people with \"higher levels of concern over shape and weight and more intense dietary restraint, especially among females"\
% But for this people, bad consequences for heart and complications are more frequent + bad control of glucose level (obvious ?)

@Article{InsulinMisuse,
AUTHOR = {Bryden, K S and Neil, A and Mayou, R A and Peveler, R C and Fairburn, C G and Dunger, D B}
TITLE = {Eating habits, body weight, and insulin misuse. A longitudinal study of teenagers and young adults with type 1 diabetes.},
JOURNAL = {Diabetes Care},
VOLUME = {22},
YEAR = {1999},
NUMBER = {12},
PAGES = {1956-60},
URL = {http://www.biomedsearch.com/nih/Eating-habits-body-weight-insulin/10587825.html},
PubMedID = {10587825},
ISSN = {0149-5992},
}

% 2) 
%http://www.biomedcentral.com/content/pdf/1471-2431-11-118.pdf

%%%%%%%%%%%%%%%%% KW : Psychosocial family factors
% explain how important it is to :
%        - teach people about diabetes, and less stress on parents (put in the "justification of the project" part)
%        - (?? check if the good article) attend special sessions ? (this tool can be used for that)
%        - simplify the process (maybe still too complex) => cf hard for families to meet the goals 
%        - s'inspirer de leur questionnaire (mettre un extrait) a propos de la facon defaitiste ou pas de voir les choses. Process : faire ces questions, une gde etude, une ACP, et analyser les liens entre les differentes variables et etablir des profils (et leur proposer du contenu adapte a leur profil) 
% IN THE PAPER: tools used to build questions:
%   ##The Life Orientation Test : 8 items (such as “In uncertain times I usually expect the best”) A sum score (range 0-32) is obtained by summing the item scores. Higher scores indicate a more optimistic life orientation.
%   ##Concerning contextual sources of stress and support,we used the Oslo 3-item Social Support Scale sum score to measure the parents’ experience of social network support
%FOR MISSING DATA: We performed missing substitution to calculate the scale scores by inserting the mean when at least 4 of 8 .. items were answered. We excluded one father ... because of too many missing values


%SUMMARY:
%Only 29% of the families in the study achieved HbA1c ≤ 7.5% in their child with type 1 diabetes. According to Belsky’s determinants of parenting model, the study Haugstvedt et al. identified some important associations between contextual sources, the characteristics of the child and parenting. The families who successfully reached diabetes treatment goals had more highly educated mothers and experienced more social limitations because of the child’s diabetes than the parents of children with poor glycemic control. Based on these results, one may question whether modern diabetes treatment plans are too complicated or not well adapted for each individual family. 
% 22185481 
@Article{familyFactors,
   Author="Haugstvedt, A.  and Wentzel-Larsen, T.  and Rokne, B.  and Graue, M. ",
   Title="{{P}sychosocial family factors and glycemic control among children aged 1-15 years with type 1 diabetes: a population-based survey}",
   Journal="BMC Pediatr",
   Year="2011",
   Volume="11",
   Pages="118"
}

% 3)
%http://care.diabetesjournals.org/content/22/12/1933.full.pdf+html
%%%%%%%%%%%%%%%%% KW : home-based intervention, GOOD results during the study (for HbA1), BAD results 6 months after
% important:
%   - answers the question: once they get the bases, is it usefull to carry on teaching them ?
%   - YES, teaching continuously teenagers is important
%   - before starting this tool, I taught that the diabetes care wasn't completely in the patients hand. Thus, I thought that more knowledge gives them a better control, because they don't really understand. CEPENDANT, it appears not to be true when i went to the hospital. The teaching is done once, and then classes are hold for pump schools. Nothing more, only regular routine tests. BUT this study shows that a follow-up is needed. Our kind of tool can help a lot. Surtout for teens with poor diabetes control
%   -this people have pb in family and in attending the hospital: "Howe v e r, adolescents with poorly controlled diabetes and poor family support often have d i fficulties adhering to their diabetes re g imen and accessing health professional supp o rt so that intensive management may not be implemented successfully " AND "A home-based intervention was adopted to overcome the problems with re gular clinic attendance that these patients may encounter"
%   INTERESSANT: "Previous studies in adolescents with diabetes have not assessed the short- or longt e rm effects of a home intervention pro g r a m"
%COPY: the way child knowledge is assessed in this study (or at least mention that it is assessed)
%COPY: the way they isolated the socio economical factors: "Adelaide was divided into two geographic regions of equivalent socioeconomic status as determined by the 1993 Australian Census data, Australian Bureau of Statistics (12). Thirt y - seven adolescents living in one geographic region (southeast) received the interv e n t i o n ; 32 adolescents living in the other geographic region (northwest) received routine care . Subsequent analysis after re c ru i t m e n t detected no diff e rence in socioeconomic status between control and intervention gro u p s as indexed by parents’ educational attainment and occupation (Table 1)."
%
% 10587821 
@Article{LongTermAction,
   Author="Couper, J. J.  and Taylor, J.  and Fotheringham, M. J.  and Sawyer, M. ",
   Title="{{F}ailure to maintain the benefits of home-based intervention in adolescents with poorly controlled type 1 diabetes}",
   Journal="Diabetes Care",
   Year="1999",
   Volume="22",
   Number="12",
   Pages="1933--1937",
   Month="Dec"
}

% 4)
%http://www.nejm.org/doi/full/10.1056/NEJM199309303291401
%%%%%%%%%%%%%%%%% Cité 13935 fois !!
%%%%%%%%%%%%%%%%% KW : GOOD ! PRESQUE DU COURS complications, effects. Relation between poor control and complications 
% 
% CHOISI POUR "The DCCT showed that any impro v ement
in metabolic control, however poor
that control may be, reduces the risk of complications
(20). The improvement in mean
H b A1 c f rom 11.1 to 9.7% achieved by the
i n t e rvention group, if maintained, would
translate into a significant risk reduction in
the development of microvascular complications
(20)."
% Interessant: "long-term complications, including retinopathy, nephropathy, neuropathy, and cardiovascular disease, have caused the most morbidity and mortality since the introduction of insulin therapy"
% AIm: comparing intensive VS conventional therapy impact on long-tem complications
% Results : les taux de hb
% 8366922 
@Article{complications1993QuasiCours,
   Author="No authors listed",
   Title="{{T}he effect of intensive treatment of diabetes on the development and progression of long-term complications in insulin-dependent diabetes mellitus. {T}he {D}iabetes {C}ontrol and {C}omplications {T}rial {R}esearch {G}roup}",
   Journal="N. Engl. J. Med.",
   Year="1993",
   Volume="329",
   Number="14",
   Pages="977--986",
   Month="Sep"
}


% 5)
%http://www.ncbi.nlm.nih.gov/pubmed/20511179
%Patient and parent views on a Web 2.0 Diabetes Portal--the management tool, the generator, and the gatekeeper: qualitative study.
%%%%%%%%%%%%%%%%% KW :  tool, internet, pitfalls and good points. Assessed by users, interesting criterias (to inspire me)
% USE IN:
%   designing an ASSESSMENT part
%   showing what is good, bad (like login system)
% 20511179 
@Article{pmid20511179,
   Author="Nordfeldt, S.  and Hanberger, L.  and Bertero, C. ",
   Title="{{P}atient and parent views on a {W}eb 2.0 {D}iabetes {P}ortal--the management tool, the generator, and the gatekeeper: qualitative study}",
   Journal="J. Med. Internet Res.",
   Year="2010",
   Volume="12",
   Number="2",
   Pages="e17"
}

% 6) 
%http://www.ncbi.nlm.nih.gov/pubmed/19040738
%PICTURE: http://www.ncbi.nlm.nih.gov/pmc/articles/PMC2627839/figure/F1/
% Web 2.0 systems supporting childhood chronic disease management: a pattern language representation of a general architecture
%%%%%%%%%%%%%%%%% KW : Web 2.0 system for diabetes. Very good for the design part. And for the different modes part (cf schema)
%Each mode/example/case : Title, Context, Problem, Solution, Examples and References.

% 19040738 
@Article{pmid19040738,
   Author="Timpka, T.  and Eriksson, H.  and Ludvigsson, J.  and Ekberg, J.  and Nordfeldt, S.  and Hanberger, L. ",
   Title="{{W}eb 2.0 systems supporting childhood chronic disease management: a pattern language representation of a general architecture}",
   Journal="BMC Med Inform Decis Mak",
   Year="2008",
   Volume="8",
   Pages="54"
}


% 7)
%http://www.ncbi.nlm.nih.gov/pubmed/17316094
%%%%%%%%%%%%%%%%% KW : PC-based diabetes simulator / collaboration with teenagers.  Comme moi, mais mieux fait
% informaticien + enfants + modele maths preexistant...
% 17316094 
@Article{pmid17316094,
   Author="Nordfeldt, S.  and Hanberger, L.  and Malm, F.  and Ludvigsson, J. ",
   Title="{{D}evelopment of a {P}{C}-based diabetes simulator in collaboration with teenagers with type 1 diabetes}",
   Journal="Diabetes Technol. Ther.",
   Year="2007",
   Volume="9",
   Number="1",
   Pages="17--25",
   Month="Feb"
}

% 8)
%http://link.springer.com/article/10.1007%2Fs10916-008-9222-0

%%%%%%%%%%%%%%%%% KW : the intelligent side of what i wanted to do. Greatly performed. information behaviour, social learning. Read/evocate later ?

% Web 2.0 systems supporting childhood chronic disease management: design guidelines based on information behaviour and social learning theories
% 20433049 
@Article{pmid20433049,
   Author="Ekberg, J.  and Ericson, L.  and Timpka, T.  and Eriksson, H.  and Nordfeldt, S.  and Hanberger, L.  and Ludvigsson, J. ",
   Title="{{W}eb 2.0 systems supporting childhood chronic disease management: design guidelines based on information behaviour and social learning theories}",
   Journal="J Med Syst",
   Year="2010",
   Volume="34",
   Number="2",
   Pages="107--117",
   Month="Apr"
}




% 9)
% http://www.nejm.org/doi/full/10.1056/NEJMoa1008862
% Diabetes Mellitus, Fasting Glucose, and Risk of Cause-Specific Death

%%%%%%%%%%%%%%%%% KW : risks of death, diabetes
%"CCL:In addition to vascular disease, diabetes is associated with substantial premature death from several cancers, infectious diseases, external causes, intentional self-harm, and degenerative disorders, independent of several major risk factors. (Funded by the British Heart Foundation and others.)"

% 21366474 
@Article{pmid21366474,
   Author="Seshasai, S. R.  and Kaptoge, S.  and Thompson, A.  and Di Angelantonio, E.  and Gao, P.  and Sarwar, N.  and Whincup, P. H.  and Mukamal, K. J.  and Gillum, R. F.  and Holme, I.  and Nj?lstad, I.  and Fletcher, A.  and Nilsson, P.  and Lewington, S.  and Collins, R.  and Gudnason, V.  and Thompson, S. G.  and Sattar, N.  and Selvin, E.  and Hu, F. B.  and Danesh, J.  and Tipping, R. W.  and Ford, C. E.  and Simpson, L. M.  and Folsom, A. R.  and Chambless, L. E.  and Selvin, E.  and Wagenknecht, L. E.  and Panagiotakos, D. B.  and Pitsavos, C.  and Chrysohoou, C.  and Stefanadis, C.  and Knuiman, M.  and Goldbourt, U.  and Benderly, M.  and Tanne, D.  and Whincup, P. H.  and Wannamethee, S. G.  and Morris, R. W.  and Kiechl, S.  and Willeit, J.  and Oberhollenzer, F.  and Mayr, A.  and Wald, N.  and Ebrahim, S.  and Lawlor, D. A.  and Yarnell, J. W.  and Gallacher, J.  and Casiglia, E.  and Tikhonoff, V.  and Nietert, P. J.  and Sutherland, S. E.  and Bachman, D. L.  and de Boer, I. H.  and Kizer, J. R.  and Mukamal, K. J.  and Tybj?rg-Hansen, A.  and Nordestgaard, B. G.  and Benn, M.  and Frikke-Schmidt, R.  and Giampaoli, S.  and Palmieri, L.  and Panico, S.  and Vanuzzo, D.  and Pilotto, L.  and Gomez de la Camara, A.  and Rubio, M. A.  and Simons, L.  and McCallum, J.  and Friedlander, Y.  and Fowkes, F. G.  and Lee, A. J.  and Taylor, J.  and Guralnik, J. M.  and Phillips, C. L.  and Wallace, R.  and Guralnik, J. M.  and Phillips, C. L.  and Blazer, D. G.  and Guralnik, J. M.  and Phillips, C. L.  and Phillips, C. L.  and Guralnik, J. M.  and Khaw, K. T.  and Brenner, H.  and Raum, E.  and Muller, H.  and Rothenbacher, D.  and Jansson, J. H.  and Wennberg, P.  and Nissinen, A.  and Donfrancesco, C.  and Giampaoli, S.  and Salomaa, V.  and Harald, K.  and Jousilahti, P.  and Vartiainen, E.  and Woodward, M.  and D'Agostino, R. B.  and Vasan, R. S.  and Fox, C. S.  and Pencina, M. J.  and Bladbjerg, E.  and J?rgensen, T.  and M?ller, L.  and Jespersen, J.  and Dankner, R.  and Chetrit, A.  and Lubin, F.  and Wilhelmsen, L.  and Eriksson, H.  and Svardsudd, K.  and Welin, L.  and Rosengren, A.  and Wilhelmsen, L.  and Lappas, G.  and Eriksson, H.  and Bjorkelund, C.  and Lissner, L.  and Bengtsson, C.  and Cremer, P.  and Nagel, D.  and Strandberg, T. E.  and Salomaa, V.  and Tilvis, R. S.  and Miettinen, T. A.  and Tilvis, R. S.  and Strandberg, T. E.  and Kiyohara, Y.  and Arima, H.  and Doi, Y.  and Ninomiya, T.  and Rodriguez, B.  and Dekker, J. M.  and Nijpels, G.  and Stehouwer, C. D.  and Hu, F. B.  and Sun, Q.  and Rimm, E. B.  and Willett, W. C.  and Iso, H.  and Kitamura, A.  and Yamagishi, K.  and Noda, H.  and Goldbourt, U.  and Nyyssonen, K.  and Tuomainen, T. P.  and Salonen, J. T.  and Deeg, D.  and Poppelaars, J. L.  and Meade, T. W.  and Cooper, J. A.  and Hedblad, B.  and Nilsson, P.  and Engstrom, G.  and Verschuren, W. M.  and Blokstra, A.  and Cushman, M.  and Folsom, A. R.  and Psaty, B. M.  and Shea, S.  and Doring, A.  and Koenig, W.  and Meisinger, C.  and Verschuren, W. M.  and Blokstra, A.  and Bueno-de-Mesquita, H. B.  and Wilhelmsen, L.  and Rosengren, A.  and Lappas, G.  and Fletcher, A.  and Hewitt, J.  and Nitsch, D.  and Kuller, L. H.  and Grandits, G.  and Selmer, R.  and Tverdal, A.  and Nystad, W.  and Gillum, R. F.  and Mussolino, M.  and Hu, F. B.  and Sun, Q.  and Manson, J. E.  and Hankinson, S. E.  and Salomaa, V.  and Harald, K.  and Jousilahti, P.  and Vartiainen, E.  and Cooper, J. A.  and Bauer, K. A.  and Davidson, K. W.  and Kirkland, S.  and Shaffer, J. A.  and Korin, M. R.  and Kitamura, A.  and Iso, H.  and Sato, S.  and Holme, I.  and Selmer, R.  and Tverdal, A.  and Nystad, W.  and Ducimetiere, P.  and Jouven, X.  and Bakker, S. J.  and Gansevoort, R. T.  and Hillege, H. L.  and Crespo, C. J.  and Garcia-Palmieri, M.  and Amouyel, P.  and Arveiler, D.  and Evans, A.  and Ferrieres, J.  and Schulte, H.  and Assmann, G.  and Westendorp, R. G.  and Buckley, B. M.  and Packard, C. J.  and Sattar, N.  and Cantin, B.  and Lamarche, B.  and Despres, J. P.  and Dagenais, G. R.  and Barrett-Connor, E.  and Wingard, D. L.  and Bettencourt, R.  and Gudnason, V.  and Aspelund, T.  and Sigurdsson, G.  and Thorsson, B.  and Trevisan, M.  and Witteman, J.  and Kardys, I.  and Tiemeier, H.  and Hofman, A.  and Tunstall-Pedoe, H.  and Tavendale, R.  and Lowe, G. D.  and Woodward, M.  and Howard, B. V.  and Zhang, Y.  and Best, L.  and Umans, J.  and Ben-Shlomo, Y.  and Davey-Smith, G.  and Onat, A.  and Hergenc, G.  and Can, G.  and Nj?lstad, I.  and Mathiesen, E. B.  and L?chen, M. L.  and Wilsgaard, T.  and Zethelius, B.  and Riserus, U.  and Berne, C.  and Ingelsson, E.  and Gaziano, J. M.  and Stampfer, M.  and Ridker, P.  and Gaziano, J. M.  and Ridker, P.  and Ulmer, H.  and Diem, G.  and Concin, H.  and Tosetto, A.  and Rodeghiero, F.  and Manson, J. E.  and Tinker, L.  and Liu, S.  and Howard, B. V.  and Marmot, M.  and Clarke, R.  and Collins, R.  and Fletcher, A.  and Brunner, E.  and Shipley, M.  and Ridker, P.  and Buring, J.  and Shepherd, J.  and Cobbe, S. M.  and Ford, I.  and Robertson, M.  and Marin Ibanez, A.  and Feskens, E. J.  and Kromhout, D.  and Walker, M.  and Watson, S.  and Alexander, M.  and Di Angelantonio, E.  and Collins, R.  and Gao, P.  and Gobin, R.  and Haycock, P.  and Kaptoge, S.  and Seshasai, S. R.  and Lewington, S.  and Pennells, L.  and Sarwar, N.  and Thompson, A.  and Thompson, S. G.  and Walker, M.  and Watson, S.  and White, I. R.  and Wood, A. M.  and Wormser, D.  and Danesh, J. ",
   Title="{{D}iabetes mellitus, fasting glucose, and risk of cause-specific death}",
   Journal="N. Engl. J. Med.",
   Year="2011",
   Volume="364",
   Number="9",
   Pages="829--841",
   Month="Mar"
}

% 10)
% http://www.nejm.org/doi/full/10.1056/NEJMra1110560#t=article
%The Past 200 Years in Diabetes

%%%%%%%%%%%%%%%%% KW : tres bonne revue generale (recente) du diabete ! (utiliser pour ma description generale ?)
@article{doi:10.1056/NEJMra1110560,
author = {Polonsky, Kenneth S.},
title = {The Past 200 Years in Diabetes},
journal = {New England Journal of Medicine},
volume = {367},
number = {14},
pages = {1332-1340},
year = {2012},
doi = {10.1056/NEJMra1110560},
note ={PMID: 23034021},

URL = {http://www.nejm.org/doi/full/10.1056/NEJMra1110560},
eprint = {http://www.nejm.org/doi/pdf/10.1056/NEJMra1110560}
}

% 11)
% referenced for carb counting
@book{cheyette2010carbs,
  title={Carbs and Cals and Protein and Fat: A Visual Guide to Carbohydrate, Protein, Fat and Calorie Counting for Healthy Eating and Weight Loss},
  author={Cheyette, C. and Balolia, Y.},
  isbn={9780956443076},
  url={http://books.google.ca/books?id=-EinuAAACAAJ},
  year={2010},
  publisher={Chello Publishing}
}

%%%%%%%%%%%%%%%%% KW :
% 12)
%brochure de carb count, assez utile
@booklet{carbcountPdf,
  title={Carbs Count. An introduction to carbohydrate counting and insulin dose adjustment},
  url={https://shop.diabetes.org.uk/usr/downloads/Carbs-Count-2012-reduced.pdf},
  year={2011},
  publisher={Diabetes UK}
}
% 13)
% from london school of economics, 2012
%kw:    costs, burden
@article{LondonKanavos2012,
  title={Diabetes expenditure, burden of disease and management in 5 EU countries},
  author={Kanavos, Panos and van den Aardweg, Stacey and Schurer, Willemien},
  journal={London School of Economics},
  year={2012}
}
% 14)
%kw:    hba1c, complications
@article{HBA1Ckilpatrick2012rise,
  title={The rise and fall of HbA1c as a risk marker for diabetes complications},
  author={Kilpatrick, ES},
  journal={Diabetologia},
  volume={55},
  number={8},
  pages={2089--2091},
  year={2012},
  publisher={Springer}
}
% 15)
%   kw : intensive treatment, effects on complications   
%   ccl: "suggest that previous intensive treatment of diabetes with near-normal glycemia during the DCCT has an extended benefit in delaying progression of diabetic nephropathy."
@article{nathan2005intensive,
  title={Intensive diabetes treatment and cardiovascular disease in patients with type 1 diabetes},
  author={Nathan, DM and Cleary, PA and Backlund, JY and Genuth, SM and Lachin, JM and Orchard, TJ and Raskin, P and Zinman, B and others},
  journal={The New England journal of medicine},
  volume={353},
  number={25},
  pages={2643},
  year={2005},
  publisher={NIH Public Access}
}
% 16)
%Bergman minimal mode
@inproceedings{bergman1980minimal,
  title={Minimal modeling, partition analysis, and the estimation of insulin sensitivity.},
  author={Bergman, Richard N and Cobelli, Claudio},
  booktitle={Federation proceedings},
  volume={39},
  number={1},
  pages={110},
  year={1980}
}
% 17)
@article{bergman1979quantitative,
  title={Quantitative estimation of insulin sensitivity.},
  author={Bergman, RICHARD N and Ider, Y Ziya and Bowden, CHARLES R and Cobelli, Claudio},
  journal={American Journal of Physiology-Endocrinology And Metabolism},
  volume={236},
  number={6},
  pages={E667},
  year={1979},
  publisher={Am Physiological Soc}
}
% 18)
% kw        Overview of all existing math models
% I used one of its figures
@article{Makroglou2006559,
title = "Mathematical models and software tools for the glucose-insulin regulatory system and diabetes: an overview ",
journal = "Applied Numerical Mathematics ",
volume = "56",
number = "3–4",
pages = "559 - 573",
year = "2006",
note = "<ce:title>Selected Papers, The Third International Conference on the Numerical Solutions of Volterra and Delay Equations</ce:title> ",
issn = "0168-9274",
doi = "10.1016/j.apnum.2005.04.023",
url = "http://www.sciencedirect.com/science/article/pii/S0168927405000929",
author = "Athena Makroglou and Jiaxu Li and Yang Kuang",
keywords = "Glucose-insulin",
keywords = "Diabetes",
keywords = "Mathematical models",
keywords = "Software tools",
keywords = "Overview "
}



%19)
% aida
@article{tatti2001utility,
  title={Utility of the AIDA diabetes simulator as an interactive educational teaching tool for general practitioners (primary care physicians)},
  author={Tatti, Patrizio and Lehmann, Eldon D},
  journal={Diabetes Technology \& Therapeutics},
  volume={3},
  number={1},
  pages={133--140},
  year={2001},
  publisher={Mary Ann Liebert, Inc.}
}
%20)
@misc {aidaURL1 ,
author ={} ,
title ={AIDA v4 official website} ,
howpublished ={\url {www.2aida.org/}} ,
note = {Accessed: 2013-08-10}
}

%20 bis)
@misc {aidaURL2 ,
author ={} ,
title ={AIDA v4 other official website} ,
howpublished ={\url {www.2aida.net/}} ,
note = {Accessed: 2013-08-10}
}

% 21)
@misc {SLAvatar ,
author ={Oregon state University} ,
title ={Shape editor} ,
howpublished ={\url {http://oregonstate.edu/tac/tips-and-tricks-enhance-your-second-life}}}
% 22)
%approche specifique pour adolescentes did en surpoids
@article{AnneMarie2013A128,
title = "Les adolescentes ayant un diabète de type 1 et étant en surpoids : une approche éducative spécifique ",
journal = "Diabetes & Metabolism ",
volume = "39, Supplement 1",
number = "0",
pages = "A128 - ",
year = "2013",
note = "<ce:title>Résumés des communications de la réunion scientifique de la SFD, de la \{SFD\} Paramédical et de l'AJD</ce:title> ",
issn = "1262-3636",
doi = "10.1016/S1262-3636(13)72170-0",
url = "http://www.sciencedirect.com/science/article/pii/S1262363613721700",
author = "B. Anne-Marie and Lasserre Moutet A and Briquez A and Dahoui A and Vincent L and Schwendenmann S and Vaillier C and Mignot B and François M and Golay A"
}

% 23)
%   parental and maternal stress
@article{maas2013interrelationships,
  title={The interrelationships among paternal and maternal parenting stress, metabolic control, and depressive symptoms in adolescents with type 1 diabetes mellitus},
  author={Maas-van Schaaijk, Nienke M and Roeleveld-Versteegh, Angelique BC and van Baar, Anneloes L},
  journal={Journal of pediatric psychology},
  volume={38},
  number={1},
  pages={30--40},
  year={2013},
  publisher={Soc Ped Psychology}
}
% 24)
%   maternal depression
@phdthesis{clayton2013impact,
  title={The Impact of Depressive Symptoms on Healthcare Utilization and Charges for Adolescents with Type 1 Diabetes (T1D)},
  author={Clayton, Kyle Marcus},
  year={2013}
}

% 25)   mental health, good levels of glucose, dangerous behaviour
%    Predictors of Diabetes Self-care, Metabolic Control, and Mental Health in Youth with Type 1 Diabetes
  %      http://onlinelibrary.wiley.com/doi/10.1111/ap.12007/full
 %       "Positive diabetes self-care is associated with better metabolic and mental health outcomes.
%Adherence to diabetes self-care regimes in youth with type 1 diabetes is suboptimal.
%Self-efficacy, social support, and risk taking appear to be related to diabetes self-care, although their relative influence is unknown."
 %       "Rural/urban youths did not significantly differ on diabetes self-care, mental health, or metabolic control.
%Diabetes self-efficacy directly impinged on diabetes self-care, which in turn linked to positive metabolic control and mental health in youth with type 1 diabetes.
%Young people who took more lifestyle and health risks, and who judged these behaviours as less risky than their peers, were less successful in their diabetes self-care."

@article{hackworth2013predictors,
  title={Predictors of Diabetes Self-care, Metabolic Control, and Mental Health in Youth with Type 1 Diabetes},
  author={Hackworth, Naomi J and Hamilton, Victoria E and Moore, Susan M and Northam, Elisabeth A and Bucalo, Zvezdana and Cameron, Fergus J},
  journal={Australian Psychologist},
  year={2013},
  publisher={Wiley Online Library}
}
% 26)
%    Diabetes amenagements
%A negative impact on performance have been studied in , where diabetes seems to have 
 %   Impact of childhood-onset type 1 diabetes on schooling: a population-based register study
  %      http://link.springer.com/article/10.1007%2Fs00125-013-2870-8

% 27)
% 28)
% 29)
% 30)
@misc {URLwh ,
author ={} ,
title ={Second Life wiki-LSL Portal-Built in function-llWhisper} ,
howpublished ={\url {http://wiki.secondlife.com/wiki/LlWhisper}} ,
note = {Accessed: 2013-03-30}
}
% 31)
@misc {URLsay ,
author ={} ,
title ={Second Life wiki-LSL Portal-Built in function-llSay} ,
howpublished ={\url {http://wiki.secondlife.com/wiki/LlSay}} ,
note = {Accessed: 2013-03-30}
}
% )
@misc {URLShout ,
author ={} ,
title ={Second Life wiki-LSL Portal-Built in function-llShout} ,
howpublished ={\url {http://wiki.secondlife.com/wiki/LlShout}} ,
note = {Accessed: 2013-03-30}
}

% )
@misc {URLL ,
author ={} ,
title ={Second Life wiki-LSL Portal-Built in function-llListen} ,
howpublished ={\url {http://wiki.secondlife.com/wiki/LlListen}} ,
note = {Accessed: 2013-03-30}
}
% )

% )
@misc {URLLSL ,
author ={} ,
title ={LSL Portal} ,
howpublished ={\url {http://wiki.secondlife.com/wiki/LSL_Portal}} ,
note = {Accessed: 2013-04-13}
}
% )
@misc {escape ,
author ={} ,
title ={Escape from Diab} ,
howpublished ={\url {http://www.escapefromdiab.com/}} ,
note = {Accessed: 2013-04-12}
}
% )
@article{thompson2010serious,
  title={Serious video games for health: how behavioral science guided the development of a serious video game},
  author={Thompson, Debbe and Baranowski, Tom and Buday, Richard and Baranowski, Janice and Thompson, Victoria and Jago, Russell and Griffith, Melissa Juliano},
  journal={Simulation \& gaming},
  volume={41},
  number={4},
  pages={587--606},
  year={2010},
  publisher={SAGE Publications}
}
% )
@misc {gluci ,
author ={} ,
title ={} ,
howpublished ={\url {http://www.gluciweb.com/}} ,
note = {Accessed: 2013-03-22}
}
% )
@misc { ,
author ={} ,
title ={} ,
howpublished ={\url {}} ,
note = {Accessed: 2013-03-30}
}
% )
@misc { ,
author ={} ,
title ={} ,
howpublished ={\url {}} ,
note = {Accessed: 2013-03-30}
}
%       VERSION 2 !

% 24)
%   justin cc thesis master, for virtual worlds in the introduction
@phdthesis{justincc2010,
  title={Scaling OpenSimulator : An Examination of Possible Architectures for an Internet Scale Environment Network},
  author={Clark-­Casey, Justin},
  year={2010}
}
% 25)
%date de lancement de second life 
@article{wang2009extending,
  title={Extending the classroom through Second Life},
  author={Wang, Yuanqiong and Braman, James},
  journal={Journal of Information Systems Education},
  volume={20},
  number={2},
  pages={235},
  year={2009}
}

% 26)%PRINTED 1) Second Life in higher education: Assessing the potential for and the barriers to deploying virtual worlds in learning and teaching, 
@article{warburton2009second,
  title={Second Life in higher education: Assessing the potential for and the barriers to deploying virtual worlds in learning and teaching},


  author={Warburton, Steven},
  journal={British Journal of Educational Technology},
  volume={40},
  number={3},
  pages={414--426},
  year={2009},
  publisher={Wiley Online Library}
}

% 27) PRINTED 2) Conducting Immersive Research in Second Life: A Hotel Co-Branding Case Study
%(pages 1-8)
@article{guillet2013conducting,
  title={Conducting Immersive Research in Second Life: A Hotel Co-Branding Case Study},
  author={Guillet, Basak Denizci and Penfold, Paul},
  journal={International Journal of Hospitality \& Tourism Administration},


  volume={14},
  number={1},
  pages={23--49},
  year={2013},
  publisher={Taylor \& Francis}
}

% 28) 
@book{schroeder1996possible,
  title={Possible worlds: the social dynamic of virtual reality technology},
  author={Schroeder, Ralph},
  year={1996},
  publisher={Westview Press, Inc.}
}

% 29)
@article{mckeown2007taking,
  title={Taking action learning online in the 3D virtual world of Second Life},
  author={McKeown, Lindy},
  journal={The International Review of Research in Open and Distance Learning},
  volume={8},
  number={3},
  year={2007}
}
% 30)
@misc {hba1cURL ,
author ={} ,
title ={} ,
howpublished ={\url {http://www.diabetes.co.uk/what-is-hba1c.html}} ,
note = {Accessed: 2013-07-10}
}

% 31)
@article{goldney2004diabetes,
  title={Diabetes, Depression, and Quality of Life A population study},
  author={Goldney, Robert D and Phillips, Pat J and Fisher, Laura J and Wilson, David H},
  journal={Diabetes Care},
  volume={27},
  number={5},
  pages={1066--1070},
  year={2004},
  publisher={Am Diabetes Assoc}
}


% 32)
%Lire l'article...
@article{Goodnick2000,

title = {Treatment of depression in comorbid medical illness},
author={Paul J Goodnick, Mark Hernandez},
journal = {Expert Opinion on Pharmacotherapy},
volume = {1},
number = {7},
pages = {1367-1384},
year = {2000},
doi = {10.1517/14656566.1.7.1367},
note ={PMID: 11249471},

URL = {http://informahealthcare.com/doi/abs/10.1517/14656566.1.7.1367},
eprint = {http://informahealthcare.com/doi/pdf/10.1517/14656566.1.7.1367}
}


% 33)
@article{Lustman2002917,
title = "Treatment of depression in diabetes: Impact on mood and medical outcome ",
journal = "Journal of Psychosomatic Research ",
volume = "53",
number = "4",
pages = "917 - 924",
year = "2002",
note = "",
issn = "0022-3999",
doi = "http://dx.doi.org/10.1016/S0022-3999(02)00416-6",
url = "http://www.sciencedirect.com/science/article/pii/S0022399902004166",
author = "Patrick J Lustman and Ray E Clouse"
}


% 34)
@article{Grey2002907,
title = "Depression in Type 1 diabetes in children: Natural history and correlates ",
journal = "Journal of Psychosomatic Research ",
volume = "53",
number = "4",
pages = "907 - 911",
year = "2002",
note = "",
issn = "0022-3999",
doi = "http://dx.doi.org/10.1016/S0022-3999(02)00312-4",
url = "http://www.sciencedirect.com/science/article/pii/S0022399902003124",
author = "Margaret Grey and Robin Whittemore and William Tamborlane",
keywords = "Type 1 diabetes",
keywords = "Children",
keywords = "Adolescents",
keywords = "Depression "
}


% 35)
@article{egede2002comorbid,
  title={Comorbid depression is associated with increased health care use and expenditures in individuals with diabetes},
  author={Egede, Leonard E and Zheng, Deyi and Simpson, Kit},
  journal={Diabetes care},
  volume={25},
  number={3},
  pages={464--470},
  year={2002},
  publisher={American Diabetes Association}
}
% 36 ) Campus

@misc {ref_VE_campus,
author ={Imnotgoing Sideways} ,
title ={The Woodbury campus as found in Second Life} ,
howpublished ={\url {http://en.wikipedia.org/wiki/File:Woodbury_University_SL_Campus_100411.jpg}} ,
note = {Accessed: 2013-07-10},
year = {2010}
}

% 37) Auditorium

@misc {ref_VE_audit,
author ={Faculty of Medicine - Imperial College London} ,
title ={A virtual auditorium in Second Life} ,
howpublished ={\url {www1.imperial.ac.uk/}} ,
note = {Accessed: 2013-07-10}
}

% 35) Avatars in wow

@misc {ref_VE_wow,
author ={Activision Blizzard} ,
title ={Creation and personalization of an avatar in World of Warcraft} ,
howpublished ={\url {http://tr.wikipedia.org/w/index.php?title=Dosya:WoWCharCreation_MoP.jpg&filetimestamp=20120401140908&}} ,
note = {Accessed: 2013-07-10},
year = {2012}
}

% 36) @inproceedings{ahola2009depression,
  title={Depression and sense of coherence are associated with food intake and compliance with dietary guidance in type 1 diabetes},
  author={Ahola, AJ and Mikkila, V and Makimattila, S and Saraheimo, M and Forsblom, C and Freese, R and Groop, P-H},
  booktitle={DIABETOLOGIA},
  volume={52},
  pages={S13--S14},
  year={2009},
  organization={SPRINGER 233 SPRING ST, NEW YORK, NY 10013 USA}
}

% 37)
%TODO : Check comments in 1-1Diabetes.tex , quotation need to be added
@inproceedings{ismail2009motivational,
  title={Motivational enhancement therapy with and without cognitive behaviour therapy to treat type 1 diabetes: the long-term outcomes of a randomised controlled trial},
  author={Ismail, K and Lawrence-Smith, G and Cheah, Y and Winkley, K and Yadav, R and Thomas, S and Bartlett, J},
  booktitle={DIABETOLOGIA},
  volume={52},
  pages={S14--S14},
  year={2009},
  organization={SPRINGER 233 SPRING ST, NEW YORK, NY 10013 USA}
}

% 38)
@article{dcct1994effect,
  title={Effect of intensive diabetes treatment on the development and progression of long-term complications in adolescents with insulin-dependent diabetes mellitus: Diabetes Control and Complications Trial},
  author={DCCT Research Group and others},
  journal={J pediatr},
  volume={125},
  number={2},
  pages={177--88},
  year={1994}
}

% 39)
@article{tu1993assessment,
  title={An assessment of diabetes self-care barriers in older adults},
  author={Tu, Kuei-Shen and Barchard, Kathryn},
  journal={Journal of Community Health Nursing},
  volume={10},
  number={2},
  pages={113--118},
  year={1993},
  publisher={Taylor \& Francis}
}

% 40)
@article{delahanty1993role,
  title={The role of diet behaviors in achieving improved glycemic control in intensively treated patients in the Diabetes Control and Complications Trial},
  author={Delahanty, Linda M and Halford, Beverly N},
  journal={Diabetes care},
  volume={16},
  number={11},
  pages={1453--1458},
  year={1993},
  publisher={Am Diabetes Assoc}
}
% 41)

@misc {HelpChildTeenTD1,
author ={Jdrf} ,
title ={Helping Your Child or Teen Live with Type 1 Diabetes} ,
howpublished ={\url {http://jdrf.org/life-with-t1d/type-1-diabetes-information/control-and-management/helping-your-child-or-teen-live-with-type-1-diabetes/}} ,
note = {Accessed: 2013-07-20}
}

% 42)
%check author...
@misc {refhowtocarbPic,
author ={Diabetic Living} ,
title ={Basic Carb Counting Tips} ,
howpublished ={\url {diabeticlivingonline.com}} ,
note = {Accessed: 2013-04-10}
}

% 43 ) MODELS - TOREAD + TOCITE
% PDF URL : http://www.sciencedirect.com/science?_ob=MiamiImageURL&_cid=271992&_user=494590&_pii=S0168927405000929&_check=y&_origin=article&_zone=toolbar&_coverDate=30-Apr-2006&view=c&originContentFamily=serial&wchp=dGLbVlk-zSkWz&md5=e451570372545012eecb817d725f198d&pid=1-s2.0-S0168927405000929-main.pdf

@article{makroglou2006mathematical,
  title={Mathematical models and software tools for the glucose-insulin regulatory system and diabetes: an overview},
  author={Makroglou, Athena and Li, Jiaxu and Kuang, Yang},
  journal={Applied numerical mathematics},
  volume={56},
  number={3},
  pages={559--573},
  year={2006},
  publisher={Elsevier}
}
% 44) Educational diabetes website (the next reference is the research study associated with this site)
@misc {toolDietAndDiabetesWebsite ,
author ={University of Illinois} ,
title ={Your Guide to Diet and Diabetes} ,
howpublished ={\url {http://urbanext.illinois.edu/diabetes2/}} ,
note = {Accessed: 2013-05-18}
}

% 45)
@article{herrejon2009creation,
  title={The creation and impact evaluation of “Your guide to diet and diabetes,” an interactive web-based diabetes tutorial},
  author={Herrejon, Katrina and Hartke, Jessica L and Scherer, Jane and Chapman-Novakofski, Karen},
  journal={Diabetes technology \& therapeutics},
  volume={11},
  number={3},
  pages={171--179},
  year={2009},
  publisher={Mary Ann Liebert, Inc. 140 Huguenot Street, 3rd Floor New Rochelle, NY 10801-5215 USA}
}
% 46) A tool for Diabetes Management (TOREAD to find other interesting stuff/ TOOLS (!) on diabetes management)

%Working PDF URL: http://ieeexplore.ieee.org/stamp/stamp.jsp?tp=&arnumber=5395102&tag=1
@inproceedings{arshad2009diabetes,
  title={Diabetes Online-Patient Management (DO-PM)},
  author={Arshad, Farath and Dabhi, Sanjay and others},
  booktitle={Developments in eSystems Engineering (DESE), 2009 Second International Conference on},
  pages={141--146},
  year={2009},
  organization={IEEE}
}

% 46)Do-Pm Website
@misc {Do-PmWebsite,
author ={Liverpool John Moores University} ,
title ={Diabetes Online Patient Management System (DO-PM)} ,
howpublished ={\url {http://www.ljmu.ac.uk/CHaSCI/116954.htm}} ,
note = {Accessed: 2013-05-18}
}

% 47) Interesting article for aida (new ? old ?) model
@article{lehmann2011development,
  title={Development of AIDA v4. 3b Diabetes Simulator: Technical Upgrade to Support Incorporation of Lispro, Aspart, and Glargine Insulin Analogues},
  author={Lehmann, Eldon D and Tar{\'\i}n, Cristina and Bondia, Jorge and Teufel, Edgar and Deutsch, Tibor},
  journal={Journal of Electrical and Computer Engineering},
  volume={2011},
  year={2011},
  publisher={Hindawi Publishing Corporation}
}

% 48) Unity3D Website
@misc {Unity3DWebsite,
author ={Unity Technologies} ,
title ={Unity Game Engine - Official Website} ,
howpublished ={\url {http://unity3d.com/}} ,
note = {Accessed: 2013-08-10}
}

% 49) python Website
@misc {pythonWebsite,
author ={Python Software Foundation} ,
title ={Python Programming Language – Official Website} ,
howpublished ={\url {www.python.org/}} ,
note = {Accessed: 2013-08-10}
}


% 50) imprudence Website
@misc {imprudenceWebsite,
title ={Imprudence Viewer Download page - Kokua Wiki} ,
howpublished ={\url {http://wiki.kokuaviewer.org/wiki/Imprudence:Downloads}} ,
note = {Accessed: 2013-08-10}
}

% 51) Good for understanding bergmann model + equations, the Bsc Thesis of a student + GOOD IMAGES
@article{friis2007modeling,
  title={Modeling and Simulation of Glucose-Insulin Metabolism},
  author={Friis-Jensen, Esben},
  year={2007},
  publisher={Informatics and Mathematical Modelling, Technical University of Denmark,$\{$DTU$\}$}
}

% 52) OSSL
@misc {OSSLWebsite,
title ={OpenSim Scripting Language - OpenSim} ,
howpublished ={\url {http://opensimulator.org/wiki/Category:OSSL}} ,
note = {Accessed: 2013-08-10}
}


% 53) LSL
@misc {LSLWebsite,
author ={Linden Research} ,
title ={LSL Portal - Second Life Wiki} ,
howpublished ={\url {wiki.secondlife.com/wiki/LSL_Portal}} ,
note = {Accessed: 2013-08-10}
}

% 54) 
@misc {qavimatorWebsite,
author ={Zi Ree} ,
title ={QAvimator} ,
howpublished ={\url {http://qavimator.org/}} ,
note = {Accessed: 2013-08-15}
}

% 55) 
@misc {BlenderWebsite,
author ={Blender Foundation} ,
title ={blender.org - Home of the Blender project } ,
howpublished ={\url {http://www.blender.org/}} ,
note = {Accessed: 2013-08-10}
}

% 56) 
@misc {avimatorWebsite,
author ={Vince Invincible} ,
title ={Avimator.com - Second Life Avatar Animation Editor} ,
howpublished ={\url {http://www.avimator.com/}} ,
note = {Accessed: 2013-08-10}
}

% 57) 
@misc {PoserWebsite,
author ={Smith Micro Software, Inc.} ,
title ={Poser 3D Animation & Character Creation Software - Official Website} ,
howpublished ={\url {http://poser.smithmicro.com/poser.html}} ,
note = {Accessed: 2013-08-10}
}



% 58) 
@misc {mayaWebsite,
author ={Autodesk, Inc.} ,
title ={Maya | 3D Animation Software | Computer Animation | Autodesk} ,
howpublished ={\url {http://www.autodesk.com/products/autodesk-maya/overview}} ,
note = {Accessed: 2013-08-10}
}


% 59)
@article{thingvold1999biovision,
  title={Biovision bvh format.[Online] Available at http://www. cs. wisc. edu/graphics/Courses/cs-838-1999/Jeff},
  author={Thingvold, J},
  journal={BVH. html,(accessed 20 August, 2013)},
  year={1999}
}

% )
% )
% )
% )
% )
% )
% )
% )
% )
% )
% )
% )
% )
% )
% )
% )
% )
% )
% )
% )
% )
% )
% )
% )
% )
% )
% )
% )
% )
% )
% )
% )
% )
% )
% )
% )
% )
% )
% )
% )
% )
% )
% )
% )
% )
% )
% )
% ) No long-term benefits of psychological sessions ! http://www.psychosomaticmedicine.org/content/74/3/319.short

%%%%%%%%%%%%%%%%%%%%%%%%%%%%%%%%%%%%%%%%%%%%%%%%%%%%%%%%%%%%%%%%%%%%%%%%%%%%%%%%%  OLD REFERENCES  %%%%%%%%%%%%%%%%%%%%%%%%%%%%%%%%%%%%%%%%%%%%%%%%%%%%%%%%%%%%%%%%%%%%%%%%%%%%%%%%%%%%%%%%%%%%%%%%%%%%%%%%%%%%%%%%%%

@Article{HannaKM,
   Author="Hanna, K. M.  and Guthrie, D. ",
   Title="{{P}arents' and adolescents' perceptions of helpful and nonhelpful support for adolescents' assumption of diabetes management responsibility}",
   Journal="Issues Compr Pediatr Nurs",
   Year="2001",
   Volume="24",
   Number="4",
   Pages="209--223"
}

@article{virtual_reality,
    title = {Virtual Reality Technologies for Research and Education in Obesity and Diabetes: Research Needs and Opportunities},
	volume = {5},
	url = {http://www.ict.usc.edu//pubs/Virtual Reality Technologies for Research and Education in Obesity and Diabetes.pdf},
    number = {2},
    journal = {Journal of Diabetes Science and Technology},
	author = {Ershow, Abby G. and Peterson, Charles M. and Riley, William T. and Rizzo, Albert and Wansink, Brian},
	year = {2011},
	keywords = {{MedVR}}
}

﻿@article {relatives,
author = {Kyngäs, Helvi and Hentinen, Maija and Barlow, Julie H.},
title = {Adolescents’ perceptions of physicians, nurses, parents and friends: help or hindrance in compliance with diabetes self-care?},
journal = {Journal of Advanced Nursing},
volume = {27},
number = {4},
publisher = {Blackwell Science Ltd.},
issn = {1365-2648},
url = {http://dx.doi.org/10.1046/j.1365-2648.1998.00608.x},
doi = {10.1046/j.1365-2648.1998.00608.x},
pages = {760--769},
keywords = {patient compliance, chronic disease, diabetes mellitus — insulin dependent, adolescence},
year = {1998},
}